@book{Hirvensalo,
  author    = {Mika Hirvensalo},
  publisher = {Springer-Verlag Berlin Heidelberg},
  title     = {Quantum Computing},
  year      = {2004}
}

@misc{WinNT,
  author       = {Susan Stepney},
  title        = {Quantum walking},
  howpublished = {\url{http://susan-stepney.blogspot.com/2014/02/mathjax.html}},
  note         = {Hozzáférés időpontja: 2021-04-18}
}